%% Dynamics of Rotating Systems - Genta
@book{genta05,
  author    = "Giancarlo Genta",
  title     = "Dynamics of Rotating Systems",
  publisher = "Springer New York, NY",
  year      = "2005"
}
